@string{cup     = {Cambridge University Press}}
@string{oup     = {Oxford University Press}}

@collection{cambr-comp,
  title        = {The Cambridge Companion to Elgar},
  editor       = {Grimley, Daniel M. and Rushton, Julian},
  publisher    = cup,
  date         = 2004,
  location     = {Cambridge},
  langid       = {english},
}
@incollection{adams,
  author       = {Adams, Byron},
  title        = {Elgar’s later oratorios},
  subtitle     = {Roman Catholicism, decadence and the Wagnerian dialectic of
                  shame and grace},
  crossref     = {cambr-comp},
  pages        = {81-105},
}
@incollection{butt-rcath,
  author       = {Butt, John},
  title        = {Roman Catholicism and being musically English},
  subtitle     = {Elgar’s church and organ music},
  crossref     = {cambr-comp},
  pages        = {106-119},
}
@incollection{mark,
  author       = {Mark, Christopher},
  title        = {The later orchestral music (1910–34)},
  crossref     = {cambr-comp},
  pages        = {154-170},
}

@book{csizmadia,
  author       = {Csizmadia, Florian},
  title        = {Leitmotivik und verwandte Techniken in den Chorwerken von
                  Edward Elgar: Analysen und Kontexte},
  date         = 2017,
  location     = {Berlin},
  publisher    = {Verlag Dr. Köster},
  langid       = {german},
  annotation   = {Entgegen dem Titel sind nur die großen Chorwerke mit Orchester
                  behandelt.},
}

@book{ece13,
  author       = {Elgar, Edward},
  series       = {Elgar Complete Edition},
  volume       = {13 (Ser. 1)},
  title        = {Choral works. Secular part-songs and unison songs},
  subtitle     = {Foreword and other editorial texts},
  editor       = {Hunt, Donald},
  date         = 2014,
  publisher    = {Elgar Society Ed.},
  location     = {Rickmansworth},
  langid       = {english},
}

@collection{elgar-stud,
  title        = {Elgar studies},
  editor       = {Harper-Scott, J.P.E. and Rushton, Julian},
  location     = {Cambridge},
  publisher    = cup,
  date         = 2007,
  langid       = {english},
}
@incollection{harperscott2007,
  author       = {Harper-Scott, J.P.E.},
  title        = {Elgar’s deconstruction of the \textit{belle époque}: interlace
                  structures and the Second Symphony},
  crossref     = {elgar-stud},
  pages        = {172-219},
}
@incollection{hepokoski-gaudery,
  author       = {Hepokoski, James A.},
  title        = {Gaudery, romance, and the ‘Welsh tune’: Introduction and
                  Allegro, op. 47},
  crossref     = {elgar-stud},
  pages        = {135-171},
}

@book{harperscott2006,
  author       = {Harper-Scott, J.P.E.},
  title        = {Edward Elgar, Modernist},
  date         = 2006,
  publisher    = cup,
  location     = {Cambridge},
  langid       = {english},
}

@book{hepokoski-darcy,
  author       = {Hepokoski, James A. and Darcy, Warren},
  title        = {Elements of Sonata Theory},
  subtitle     = {Norms, Types, and Deformations in the Late-Eighteenth-Century
                  Sonata},
  date         = 2006,
  publisher    = oup,
  location     = {Oxford},
  langid       = {english},
}

@book{kennedy-life,
  author       = {Kennedy, Michael},
  title        = {The Life of Elgar},
  date         = 2004,
  publisher    = cup,
  location     = {Cambridge},
  langid       = {english},
}

@book{kennedy-portrait,
  author       = {Kennedy, Michael},
  title        = {Portrait of Elgar},
  date         = 1987,
  edition      = 3,
  publisher    = oup,
  location     = {Oxford},
  langid       = {english},
}

@collection{konzept,
  editor       = {Tadday, Ulrich},
  title        = {Edward Elgar},
  location     = {München},
  date         = 2013,
  publisher    = {edition text + kritik},
  langid       = {german},
  series       = {Musik-Konzepte, Bd.~159},
}
@incollection{harperscott2013,
  author       = {Harper-Scott, J.P.E.},
  title        = {Facetten der Moderne in Elgars Musik},
  crossref     = {konzept},
  pages        = {96-120},
}
@incollection{rushton-religion,
  author       = {Rushton, Julian},
  title        = {Elgar und die Religion},
  subtitle     = {Ein katholischer Komponist im protestantischen England},
  crossref     = {konzept},
  pages        = {22-38},
}

@book{moore,
  author       = {Moore, Jerrold Northrop},
  title        = {Edward Elgar},
  subtitle     = {A Creative Life},
  date         = 1984,
  publisher    = oup,
  location     = {Oxford},
  langid       = {english},
}

@reference{newgrove,
  editor       = {Sadie, Stanley and John Tyrrell},
  title        = {New Grove Dictionary of Music and Musicians},
  volumes      = 29,
  edition      = 2,
  date         = 2001,
  publisher    = {Macmillan Publishers Ltd.},
  location     = {London},
  langid       = {english},
}
@inreference{carol,
  crossref     = {newgrove},
  volume       = 5,
  pages        = {162-173},
  author       = {Stevens, John and Dennis Libby},
  title        = {Carol},
}
@inreference{elgar-newgrove,
  crossref     = {newgrove},
  volume       = 8,
  pages        = {115-137},
  author       = {McVeagh, Diana},
  title        = {Elgar, Sir Edward William},
}

@book{poli,
  author       = {Poli, Roberto},
  title        = {The secret life of musical notation: defying interpretive
                  traditions},
  publisher    = {Amadeus Press},
  year         = {2010},
  location     = {Milwaukee},
}

@article{riley-nature,
  author       = {Riley, Matthew},
  title        = {Rustling Reeds and Lofty Pines: Elgar and the Music of Nature},
  journaltitle = {19th-century music},
  volume       = 26,
  date         = 2002,
  pages        = {155-177},
  url          = {www.jstor.org/stable/10.1525/ncm.2002.26.2.155}
}