@string{oup     = {Oxford University Press}}

@book{atkins,
  author       = {Atkins, E.~Wulstan},
  title        = {The Elgar-Atkins Friendship},
  location     = {Newton Abbot},
  publisher    = {David & Charles},
  date         = 1984,
}

@book{ece12,
  author       = {Elgar, Edward},
  series       = {Elgar Complete Edition, Series 1},
  volume       = {12},
  title        = {Choral works. Sacred music unaccompanied or with keyboard},
  editor       = {Cooke, Diane Nolan},
  date         = 2019,
  publisher    = {Elgar Society Ed.},
  location     = {Rickmansworth},
  langid       = {english},
}

@book{ece13,
  author       = {Elgar, Edward},
  series       = {Elgar Complete Edition, Series 1},
  volume       = {13},
  title        = {Choral works. Secular part-songs and unison songs},
  editor       = {Hunt, Donald},
  date         = 2014,
  publisher    = {Elgar Society Ed.},
  location     = {Rickmansworth},
  langid       = {english},
}

@book{elgar18-3,
  author       = {Elgar, Edward},
  title        = {My love dwelt in a Northern land},
  publisher    = {Novello},
  location     = {London},
  date         = 1890,
  url          = {http://imslp.org/wiki/File:PMLP184556-18-3--My-Love-Dwelt-in-a-Northern-Land.pdf},
  urldate      = {2017-09-07},
  annotation   = {Sp√§ter als Op.~18, No.~3 eingeordnet, vermutlich von Novello},
}

@book{elgar53,
  author       = {Elgar, Edward},
  title        = {4 Part songs for mixed chorus, Op.~53},
  publisher    = {Novello},
  location     = {London},
  date         = 1908,
  url          = {http://imslp.org/wiki/File:PMLP732817-Elgar-op53-Novello.pdf},
  urldate      = {2017-09-07},
}

@book{elgar69,
  author       = {Elgar, Edward},
  title        = {The Music Makers, Op.~69},
  publisher    = {Novello},
  location     = {London},
  date         = 1912,
  url          = {http://imslp.org/wiki/File:PMLP35136-Elgar-Op069VSnov.pdf},
  urldate      = {2017-09-07},
  annotation   = {Klavierauszug},
}

@book{elgar71,
  author       = {Elgar, Edward},
  title        = {2 Choral Songs, Op.~71},
  publisher    = {Novello},
  location     = {London},
  date         = 1914,
  url          = {http://imslp.org/wiki/2_Part_Songs%2C_Op.71_(Elgar%2C_Edward)},
  urldate      = {2017-09-07},
}

@book{elgar72,
  author       = {Elgar, Edward},
  title        = {Death on the hills, Op.~72},
  publisher    = {Novello},
  location     = {London},
  date         = 1914,
  url          = {http://imslp.org/wiki/Death_on_the_Hills%2C_Op.72_(Elgar%2C_Edward)},
  urldate      = {2017-09-07},
}

@book{elgar73,
  author       = {Elgar, Edward},
  title        = {2 Choral Songs, Op.~73},
  publisher    = {Novello},
  location     = {London},
  date         = 1914,
  url          = {http://imslp.org/wiki/2_Part_Songs%2C_Op.73_(Elgar%2C_Edward)},
  urldate      = {2017-09-07},
}

@book{elgar-evening-scene,
  author       = {Elgar, Edward},
  title        = {Evening Scene},
  publisher    = {Novello},
  location     = {London},
  date         = 1906,
  url          = {http://imslp.org/wiki/Evening_Scene_(Elgar%2C_Edward)},
  urldate      = {2017-09-28},
}

@book{elgar-greek,
  author       = {Elgar, Edward},
  title        = {Five Part-songs from the Greek Anthology},
  sorttitle    = {Part-songs from the Greek Anthology},
  publisher    = {Novello},
  location     = {London},
  date         = 1903,
  url          = {http://imslp.org/wiki/5_Part_Songs_from_the_Greek_Anthology%2C_Op.45_(Elgar%2C_Edward)},
  urldate      = {2017-09-28},
}

@online{elgar-i-sing,
  author       = {Elgar, Edward},
  title        = {I sing the birth},
  subtitle     = {Carol},
  editor       = {Fraser, David},
  date         = {2015-10-15},
  url          = {http://www1.cpdl.org/wiki/index.php/I_sing_the_birth_(Edward_Elgar)},
  urldate      = {2017-09-07},
  langid       = {english},
}

@book{elgar-letters,
  editor       = {Moore, Jerrold Northrop},
  title        = {Edward Elgar: Letters of a Lifetime},
  date         = 1990,
  publisher    = oup,
  location     = {Oxford},
  langid       = {english},
}

@book{elgar-publ,
  editor       = {Moore, Jerrold Northrop},
  title        = {Elgar and his Publishers: Letters of a Creative Life},
  volume       = 2,
  date         = 1987,
  publisher    = oup,
  location     = {Oxford},
  langid       = {english},
}

@online{elgar-they-are,
  author       = {Elgar, Edward},
  title        = {They are at rest},
  editor       = {Wun, Wai Ki},
  date         = {2015-04-12},
  url          = {http://www1.cpdl.org/wiki/index.php/They_are_at_rest_(Edward_Elgar)},
  urldate      = {2017-09-07},
  langid       = {english},
}

@book{elgar-weary-wind,
  author       = {Elgar, Edward},
  title        = {Weary Wind of the West},
  publisher    = {Novello},
  location     = {London},
  date         = 1903,
  url          = {http://imslp.org/wiki/Weary_Wind_of_the_West_(Elgar%2C_Edward)},
  urldate      = {2017-09-28},
}

@online{gloucester,
  author       = {Anonymus},
  title        = {History of the Three Choirs Festival: 20th century},
  url          = {http://www.3choirs.org/about-us/history/20th-century/},
  urldate      = {2017-09-20},
  langid       = {english},
}

@online{hymnary,
  author       = {Anonymus},
  title        = {I Sing the Birth},
  url          = {https://hymnary.org/text/i_sing_the_birth_was_born_tonight?extended=true},
  urldate      = {2017-09-20},
  langid       = {english},
}

@book{reed,
  author       = {Reed, William Henry},
  title        = {Elgar as I knew him},
  date         = 1936,
  publisher    = {Victor Gollancz},
  location     = {London},
  langid       = {english},
}

@book{terry,
  author       = {Terry, Richard Runciman},
  title        = {Twelve Christmas Carols},
  date         = 1912,
  publisher    = {J. Curwen \& Sons},
  location     = {London},
  url          = {http://imslp.org/wiki/12_Christmas_Carols_(Terry%2C_Richard_Runciman)},
  langid       = {english},
}

@book{vaughan-williams,
  author       = {Vaughan-Williams, Ralph},
  title        = {Fantasia on Christmas Carols},
  subtitle     = {for Baritone solo, Chorus and Orchestra},
  publisher    = {Stainer & Bell},
  location     = {London},
  date         = 1912,
  annotation   = {Klavierauszug},
}
