@book{adorno,
  author       = {Adorno, Theodor W.},
  title        = {Beethoven: Philosophie der Musik; Fragmente und Texte},
  shorttitle   = {Beethoven},
  date         = 1993,
  editor       = {Tiedemann, Rolf},
  edition      = 1,
  publisher    = {Suhrkamp},
  location     = {Frankfurt (Main)},
  langid       = {german},
}

@book{cooper,
  author       = {Cooper, Barry},
  title        = {Beethoven and the creative process},
  date         = 1993,
  publisher    = {Clarendon},
  location     = {Oxford},
  langid       = {english},
}

@book{cooperMM,
  author       = {Cooper, Barry},
  title        = {Beethoven},
  date         = 2000,
  publisher    = {Oxford~Univ.~Press},
  location     = {Oxford},
  langid       = {english},
}

@article{dahlhaus,
  author       = {Dahlhaus, Carl},
  title        = {Beethovens neuer Weg},
  date         = 1976,
  publisher    = {Edition Merseburger},
  volume       = {1975},
  journaltitle = {Jahrbuch des Staatlichen Instituts für Musikforschung, Preußischer Kulturbesitz},
}

@article{dittrich,
  author       = {Dittrich, Marie-Agnes},
  title        = {›Teufelsmühle‹ und ›Omnibus‹},
  shorttitle   = {›Teufelsmühle‹},
  publisher    = {Olms},
  location     = {Hildesheim},
  date         = 2007,
  volume       = {4},
  number       = {1–2},
  pages        = {107–121},
  journaltitle = {Zeitschrift der Gesellschaft für Musiktheorie},
  shortjournal = {ZGMTH},
  url          = {http://www.gmth.de/zeitschrift/artikel/247.aspx},
  urldate      = {2017-06-22},
}

@book{helm,
  author       = {Helm, Theodor},
  title        = {Beethoven’s Streichquartette: Versuch einer technischen Analyse dieser Werke im Zusammenhange mit ihrem geistigen Gehalt},
  shorttitle   = {Beethoven’s Streichquartette},
  origpublisher = {Siegel},
  origlocation = {Leipzig},
  origdate     = 1921,
  publisher    = {Saendig},
  location     = {Niederwalluf},
  date         = 1971,
  edition      = 3,
  langid       = {german},
}

@book{indorf,
  author       = {Indorf, Gerd},
  title        = {Beethovens Streichquartette: Kulturgeschichtliche Aspekte und Werkinterpretation},
  shorttitle   = {Beethovens Streichquartette},
  publisher    = {Rombach},
  location     = {Freiburg i.\,Brsg.},
  date         = 2004,
  langid       = {german},
}

@book{kerman,
  author       = {Kerman, Joseph},
  title        = {The Beethoven Quartets},
  publisher    = {Oxford~Univ.~Press},
  location     = {London},
  date         = 1967,
  langid       = {english},
}

@book{koch,
  author       = {Koch, Heinrich Christoph},
  title        = {Versuch einer Anleitung zur Composition},
  volumes      = {3},
  location     = {Leipzig},
  date         = 1782,
}

@inproceedings{kramer,
  author       = {Kramer, Richard},
  title        = {\mkbibquote{Das Organische der Fuge}: On the Autograph of Beethoven's Opus~59 No.~1},
  shorttitle   = {\mkbibquote{Das Organische der Fuge}},
  booktitle    = {The string quartets of Haydn, Mozart, and Beethoven: studies of the autograph manuscripts},
  editor       = {Wolff, Christoph},
  publisher    = {Harvard~Univ.~Press},
  location     = {Cambridge, Mass.},
  date         = 1980,
  pages        = {223–265},
}

@book{november,
  author       = {November, Nancy},
  title        = {Beethoven’s theatrical quartets: Opp.~59, 74, and~95},
  shorttitle   = {Beethoven’s theatrical quartets},
  date         = 2013,
  publisher    = {Cambridge~Univ.~Press},
  location     = {Cambridge},
  langid       = {english},
}

@book{schering,
  author       = {Schering, Arnold},
  title        = {Beethoven und die Dichtung: mit einer Einleitung zur Geschichte und Ästhetik der Beethovendeutung},
  shorttitle   = {Beethoven \& die Dichtung},
  date         = 1973,
  publisher    = {Olms},
  location     = {Hildesheim [u.a.]},
  origdate     = {1936},
  origlocation = {Berlin},
  langid       = {german},
}