@book{dammann,
  author       = {Dammann, Rolf},
  title        = {Der Musikbegriff im deutschen Barock},
  date         = 1967,
  publisher    = {Arno Volk Verlag},
  location     = {Köln},
  langid       = {german},
}

@reference{gestalten,
  editor       = {Greschat, Martin},
  title        = {Gestalten der Kirchengeschichte},
  volume       = {10: Die neueste Zeit},
  location     = {Stuttgart/Berlin/Köln},
  date         = {1993},
}

@inreference{thunberg,
  crossref     = {gestalten},
  author       = {Thunberg, Lars},
  title        = {Nathan Söderblom},
  pages        = {214-234},
}

@book{kirnberger,
  author       = {Kirnberger, Johann Philipp},
  title        = {Die Kunst des reinen Satzes in der Musik},
  date         = {1776/1779},
  volumes      = 2,
  publisher    = {Decker \& Hartung},
  location     = {Berlin und Königsberg},
  langid       = {german},
  url          = {http://imslp.org/wiki/Die_Kunst_des_reinen_Satzes_in_der_Musik_(Kirnberger,_Johann_Philipp)},
  urldate      = {2017-07-26}
}

@inproceedings{kuester,
  author       = {Küster, Konrad},
  editor       = {Schulze, Hans-Joachim},
  title        = {Biblischer Bericht und musikalischer Verlauf: zu den Evangelienrezitativen in Bachs Matthäuspassion},
  date         = 1995,
  booktitle    = {Passionsmusiken im Umfeld Bachs. Bach unter den Diktaturen 1933–1945 und 1945–1989.},
  booktitleaddon = {Bericht über die wissenschaftliche Konferenz anlässlich des 69. Bachfestes der Neuen Bachgesellschaft},
  venue        = {Leipzig},
  eventdate    = 1994,
  location     = {Hildesheim},
  publisher    = {Olms},
  langid       = {german},
  pages        = {47-54},
  isbn         = {3-487-09974-8},
}

@book{mattheson,
  author       = {Mattheson, Johann},
  title        = {Das neu-eröffnete Orchestre},
  location     = {Hamburg},
  date         = 1713,
  publisher    = {Schiller},
  url          = {http://www.mdz-nbn-resolving.de/urn/resolver.pl?urn=urn:nbn:de:bvb:12-bsb10599040-9},
  urldate      = {2017-07-24}
}

@book{nestle-aland,
  author = {Nestle, Eberhard},
  title = {Novum Testamentum Graece et Latine},
  publisher = {Deutsche Bibelgesellschaft},
  year = 2005,
  edition = {5. Druck},
  address = {Stuttgart},
}

@book{zuercher,
  author = {},
  title = {Zürcher Bibel},
  publisher = {Verlag der Zürcher Bibel beim Theologischen Verlag Zürich},
  location = {Zürich},
  edition = 2,
  year = 2008
}